@article{abrusci:noncommutative:1990,
  author    = {V. Michele Abrusci},
  title     = {Non-commutative Intuitionistic Linear Logic},
  XXXjournal   = {Math. Log. Quart.},
  journal = "Mathematical Logic Quarterly",
  volume    = {36},
  number    = {4},
  pages     = {297--318},
  year      = {1990},
  note       = {{D}OI: \url{10.1002/malq.19900360405}}
}

@article{altenkirch:monads:2014,
  author    = {Thorsten Altenkirch and
               James Chapman and
               Tarmo Uustalu},
  title     = {Monads Need Not Be Endofunctors},
  XXXjournal   = {Log. Methods Comput. Sci.},
  journal = "Logical Methods in Computer Science",
  volume    = {11},
  number    = {1},
  eid   = {3},
  year      = {2015},
  note       = {{D}OI: \url{10.2168/lmcs-11(1:3)2015}}
}

@article{andreoli:logic:1992,
	title = {Logic Programming with Focusing Proofs in Linear Logic},
	volume = {2},
	doi = {10.1093/logcom/2.3.297},
	pages = {297--347},
	number = {3},
	XXXjournal = {J. Log.  Comput.},
	journal = "Journal of Logic and Computation",
	author = {Jean-Marc Andreoli},
	year = {1992}
}


@article{bourke:skew:2017,
	title = {Skew structures in 2-category theory and homotopy theory},
	volume = {12},
	note = {{D}OI: \url{10.1007/s40062-015-0121-z}},
	pages = {31--81},
	number = {1},
	XXXjournal = {J. Homotopy Relat. Struct.},
	journal = "Journal of Homotopy and Related Structures",
	author = {John Bourke},
	year = {2017}
}

@article{bourke:skew:2018,
	title = {Skew Monoidal Categories and Skew Multicategories},
	volume = {506},
	note = {{D}OI: \url{10.1016/j.jalgebra.2018.02.039}},
	pages = {237--266},
	XXXjournal = {J. Alg.},
	journal = "Journal of Algebra",
	author = {John Bourke and Stephen Lack},
	year = {2018}
}

@article{bourke:lack:braided:2020,
	title = {Braided Skew Monoidal Categories},
	volume = {35},
	url = {http://www.tac.mta.ca/tac/volumes/35/2/35-02abs.html},
	pages = {19--63},
	number = {2},
	XXXjournal = {Theor. Appl. Categ.},
	journal = "Theory and Applications of Categories",
	author = {John Bourke and Stephen Lack},
	year = {2020}
}

@article{buckley:catalan:2015,
	title = {The {C}atalan Simplicial Set},
	volume = {158},
	note = {{D}OI: \url{10.1017/s0305004114000498}},
	pages = {211--222},
	number = {2},
	XXXjournal = {Math. Proc. Cambridge Philos. Soc.},
	journal = "Mathematical Proceedings of Cambridge Philosophical Society",
	author = {Michael Buckley and Richard Garner and Stephen Lack and Ross Street},
	year = {2015}
}

@inproceedings{chaudhuri:canonical:2008,
  author    = {Kaustuv Chaudhuri and
               Dale Miller and
               Alexis Saurin},
  editor    = {Giorgio Ausiello and
               Juhani Karhum{\"{a}}ki and
               Giancarlo Mauri and
               Luke Ong},
  title     = {Canonical Sequent Proofs via Multi-Focusing},
  booktitle = {Proc. of 5th IFIP Int. Conf. on Theoretical Computer Science, {TCS}'08},
  XXXseries    = {Int.\ Feder.\ of Inform.\ Process.},
  series = "IFIP",
  volume    = {273},
  pages     = {383--396},
  publisher = {Springer},
  year      = {2008},
  doi       = {10.1007/978-0-387-09680-3\_26}
}

@inproceedings{eilenberg:closed:1966,
	title = {Closed Categories},
	note = {{D}OI: \url{10.1007/978-3-642-99902-4\_22}},
	pages = {421--562},
	booktitle = {Proceedings of Conference on Categorical Algebra (La Jolla, 1965)},
	publisher = {Springer},
	author = {Samuel Eilenberg and G. Max Kelly},
	editor = {Eilenberg, S. and Harrison, D. K. and {Mac Lane}, S. and R\"ohrl, H.},
	year = {1966}
}

@article{girard:constructive:91,
  author    = {Jean-Yves Girard},
  title     = {A New Constructive Logic: Classical Logic},
  XXXjournal   = {Math. Struct. Comput. Sci.},
  journal = "Mathematical Structures in Computer Science",
  volume    = {1},
  number    = {3},
  pages     = {255--296},
  year      = {1991},
  note       = {{D}OI: \url{10.1017/s0960129500001328}}
}

@inproceedings{hasegawa:linear:2017,
  author    = {Masahito Hasegawa},
  editor    = {Iliano Cervesato and
               Maribel Fern{\'{a}}ndez},
  title     = {Linear Exponential Comonads without Symmetry},
  booktitle = {Proceedings of 4th International Workshop on Linearity, {LINEARITY} 2016},
  XXXseries    = {Electron. Proc. in Theor. Comput. Sci.},
  series = "Electronic Proceedings in Theoretical Computer Science",
  volume    = {238},
  pages     = {54--63},
  year      = {2016},
  note       = {{D}OI: \url{10.4204/etpcs.238.6}},
  publisher = "Open Publishing Assoc."
}

@inproceedings{jiang:lambek:2019,
  author    = {Jiaming Jiang and
               Harley {Eades III} and
               Valeria {de Paiva}},
  editor    = {Thomas Ehrhard and
               Maribel Fern{\'{a}}ndez and
               Valeria {de Paiva} and
               Lorenzo {Tortora de Falco}},
  title     = {On the {L}ambek Calculus with an Exchange Modality},
  booktitle = {Proceedings of Joint International Workshop on Linearity {\&} Trends
               in Linear Logic and Applications, Linearity-TLLA 2018},
  XXXseries    = {Electron. Proc. Theor. Comput. Sci.},
  series = "Electronic Proceedings in Theoretical Computer Science",
  volume    = {292},
  pages     = {43--89},
  year      = {2018},
  note       = {{D}OI: \url{10.4204/eptcs.292.4}},
  publisher = "Open Publishing Assoc."
}

@article{lack:skew:2012,
	title = {Skew Monoidales, Skew Warpings and Quantum Categories},
	volume = {26},
	pages = {385--402},
	url = {http://www.tac.mta.ca/tac/volumes/26/15/26-15abs.html},
	XXXjournal = {Theor. Appl. Categ.},
	journal = "Theory and Applications of Categories",
	author = {Stephen Lack and Ross Street},
	year = {2012}
}

@article{lack:triangulations:2014,
	title = {Triangulations, Orientals, and Skew Monoidal Categories},
	volume = {258},
	note = {{D}OI: \url{10.1016/j.aim.2014.03.003}},
	pages = {351--396},
	XXXjournal = {Adv.\ Math.},
	journal = "Advances in Mathematics",
	author = {Stephen Lack and Ross Street},
	year = {2014}
}

@article{lambek:mathematics:58,
  title={The Mathematics of Sentence Structure},
  author={Joachim Lambek},
  XXXjournal={Amer. Math. Monthly},
  journal = "American Mathematical Monthly", 
  volume={65},
  number={3},
  pages={154--170},
  year={1958},
  note={{D}OI: \url{10.2307/2310058}}
}

@article{lambek:deductive:68,
  author    = {Joachim Lambek},
  title     = {Deductive Systems and Categories {I}: Syntactic Calculus and Residuated
               Categories},
  XXXjournal   = {Math. Syst. Theory},
  journal = "Mathematical Systems Theory",
  volume    = {2},
  number    = {4},
  pages     = {287--318},
  year      = {1968},
  note       = {{D}OI: \url{10.1007/bf01703261}}
}

@article{maclane1963natural,
  title={Natural Associativity and Commutativity},
  author={Saunders {Mac Lane}},
  XXXjournal={Rice Univ. Stud.},
  journal = "Rice University Studies",
  volume={49},
  number={4},
  year={1963},
  pages={28--46},
  url={http://hdl.handle.net/1911/62865}
}

@incollection{mellies:categorical:09,
  title={Categorical Semantics of Linear Logic},
  author={Paul-Andr{\'e} Melli{\`e}s},
  booktitle = {Interactive Models of Computation and Program Behavior},
  editor = "Pierre-Louis Curien and Hugo Herbelin and Jean-Louis Krivine and Paul-Andr{\'e} Melli{\`e}s",
  series={Panoramas et syntheses},
  volume={27},
  pages={15--215},
  year={2009},
  XXXpublisher = "Soc.\ Math.\ de France",
  publisher = "Soci{\'e}t{\'e} Math{\'e}matique de France"
}

@inproceedings{scherer:simple:2015,
  author    = {Gabriel Scherer and
               Ddier R{\'{e}}my},
  title     = {Which Simple Types Have a Unique Inhabitant?},
  booktitle = {Proceedings of 20th {ACM} {SIGPLAN} International Conference on
               Functional Programming, ICFP~'15},
  pages     = {243--255},
  publisher = {{ACM}},
  year      = {2015},
  note       = {{D}OI: \url{10.1145/2784731.2784757}}
}

@article{street:skew-closed:2013,
	title = {Skew-Closed Categories},
	volume = {217},
	doi = {10.1016/j.jpaa.2012.09.020},
	pages = {973--988},
	number = {6},
	XXXjournal = {J. Pure Appl. Alg.},
	journal = "Journal of Pure and Applied Algebra",
	author = {Ross Street},
	year = {2013},
}

@article{szlachanyi:skew-monoidal:2012,
	title = {Skew-Monoidal Categories and Bialgebroids},
	volume = {231},
        XXXjournal = {Adv.\ Math.},
	journal = "Advances in Mathematics",
	note = {{D}OI: \url{10.1016/j.aim.2012.06.027}},
	pages = {1694--1730},
	number = {3--4},
	author = {Korn{\'e}l Szlach\'anyi},
	year = {2012}
}

@inproceedings{tomita:realizability:21,
  author    = {Haruka Tomita},
  editor    = {Christel Baier and
               Jean Goubault{-}Larrecq},
  title     = {Realizability without Symmetry},
  booktitle = {Proceedings of 29th {EACSL} Annual Conference on Computer Science Logic, {CSL} 2021},
  XXXseries    = {Leibniz Int.\ Proc.\ in Inform.},
  series = "Leibniz International\ Proceedings\ in Informatics",
  volume    = {183},
  pages     = {38:1--38:16},
  publisher = {Dagstuhl Publishing},
  year      = {2021},
  note       = {{D}OI: \url{10.4230/lipics.csl.2021.38}}
}


@inproceedings{uustalu:deductive:nodate,
  author    = {Tarmo Uustalu and
               Niccol{\'o} Veltri and
               Noam Zeilberger},
  editor    = {Claudio {Sacerdoti Coen} and
               Alwen Tiu},
  title     = {Deductive Systems and Coherence for Skew Prounital Closed Categories},
  booktitle = {Proceedings of 15th Workshop on Logical Frameworks and Meta-Languages:
               Theory and Practice, {LFMTP} 2020},
  XXXseries    = {Electron. Proc. in Theor. Comput. Sci.},
  series = "Electronic Proceedings in Theoretical Computer Science",
  volume    = {332},
  pages     = {35--53},
  year      = {2021},
  note       = {{D}OI: \url{10.4204/eptcs.332.3}},
  publisher = "Open Publishing Association"
}

@article{uustalu:eilenberg-kelly:2020,
	title = {{E}ilenberg-{K}elly Reloaded},
	volume = {352},
	note = {{D}OI: \url{10.1016/j.entcs.2020.09.012}},
	pages = {233--256},
	XXXjournal = {Electron. Notes Theor. Comput. Sci.},
	journal = "Electronic Notes in Theoretical Computer Science",
	author = {Tarmo Uustalu and Niccol{\`o} Veltri and Noam Zeilberger},
	year = {2020}
}

@inproceedings{uustalu:proof:nodate,
  author    = {Tarmo Uustalu and
               Niccol{\`o} Veltri and
               Noam Zeilberger},
  editor    = {David I. Spivak and
               Jamie Vicary},
  title     = {Proof Theory of Partially Normal Skew Monoidal Categories},
  booktitle = {Proceedings of 3rd Annual International Applied Category Theory
               Conference 2020, {ACT} 2020},
  XXXseries    = {Electron. Proc. in Theor. Comput. Sci.},
  series = "Electronic Proceedings in Theoretical Computer Science",
  volume    = {333},
  pages     = {230--246},
  year      = {2021},
  note       = {{D}OI: \url{10.4204/eptcs.333.16}},
  publisher = "Open Publishing Association"
  }

@incollection{uustalu:sequent:2021,
  title={The Sequent Calculus of Skew Monoidal Categories},
  author={Tarmo Uustalu and Niccol{\`o} Veltri and Noam Zeilberger},
  editor={Claudio Casadio and Philip J. Scott},
  booktitle={Joachim Lambek: The Interplay of Mathematics, Logic, and Linguistics},
  series = {Outstanding Contributions to Logic},
  volume={20},
  pages={377--406},
  year={2021},
  doi = {10.1007/978-3-030-66545-6_11},
  publisher={Springer}
}


@inproceedings{veltri:coherence:2021,
	title = {Coherence via Focusing for Symmetric Skew Monoidal Categories},
	note = {{D}OI: \url{10.1007/978-3-030-88853-4_12}},
	XXXseries = {Lect. Notes in Comput. Sci.},
	series = "Lecture Notes in Computer Science",
	pages = {184--200},
	booktitle = {Proceedings\ of 27th International\ Workshop on Logic, Language, Information, and Computation, WoLLIC 2021},
	publisher = {Springer},
	author = {Niccol{\`o} Veltri},
	editor = {Alexandra Silva and Renata Wassermann and Ruy {de Queiroz}},
	volume = {13028},
	year = {2021}
}


@article{zeilberger:semiassociative:19,
  author    = {Noam Zeilberger},
  title     = {A Sequent Calculus for a Semi-Associative Law},
  XXXjournal   = {Log. Methods Comput. Sci.},
  journal = "Logical Methods in Computer Science",
  volume    = {15},
  number    = {1},
  eid = 9,
  year      = {2019},
  doi       = {10.23638/lmcs-15(1:9)2019}
}

@incollection{dyckhoff:ljq,
  author = "Roy Dyckhoff and St{\'e}phane Lengrand",
  title = "LJQ: A Strongly Focused Calculus for Intuitionistic Logic",
  editor = "Arnold Beckmann and Ulrich Berger and Benedikt L{\"o}we and John V. Tucker",
  booktitle = "Proceedings\ of 2nd Conference\ on Computability in Europe, CiE 2006",
  XXXseries = "Lect.\ Notes in Comput.\ Sci.",
  series = "Lecture Notes in Computer Science",
  volume = 3988,
  pages = "173--185",
  publisher = "Springer",
  year = 2006,
  note = {{D}OI: \url{10.1007/11780342_19}}
}


@inproceedings{UVW:protsn,
	title = {Proof Theory of Skew Non-Commutative MILL},
	doi = {10.4204/eptcs.358.9},
	pages = {118--135},
  booktitle = {Proc. of 10th Int. Conf. on Non-classical Logics: Theory and Applications, {NCL} 2022},
  XXXseries    = {Electron. Proc. in Theor. Comput. Sci.},
  series = "Electron. Proc. in Theor. Comput. Sci.",
	publisher = {Open Publishing Association},
	author = {Tarmo Uustalu and Niccol{\`o} Veltri and Cheng-Syuan Wan},
	editor = {Andrzej Indrzejczak and Michal Zawidzki},
	volume = {358},
	year = {2022}
}
