@article{abrusci:noncommutative:1990,
  author    = {V. Michele Abrusci},
  title     = {Non-commutative Intuitionistic Linear Logic},
  XXXjournal   = {Math. Log. Quart.},
  journal = "Mathematical Logic Quarterly",
  volume    = {36},
  number    = {4},
  pages     = {297--318},
  year      = {1990},
  doi       = {10.1002/malq.19900360405}
}

@article{altenkirch:monads:2014,
  author    = {Thorsten Altenkirch and
               James Chapman and
               Tarmo Uustalu},
  title     = {Monads Need Not Be Endofunctors},
  journal   = {Log. Methods Comput. Sci.},
  volume    = {11},
  number    = {1},
  eid   = {3},
  year      = {2015},
  doi       = {10.2168/lmcs-11(1:3)2015}
}

@article{andreoli:logic:1992,
	title = {Logic Programming with Focusing Proofs in Linear Logic},
	volume = {2},
	doi = {10.1093/logcom/2.3.297},
	pages = {297--347},
	number = {3},
	journal = {J. Log.  Comput.},	
	author = {Jean-Marc Andreoli},
	year = {1992}
}


@article{bourke:skew:2017,
	title = {Skew structures in 2-category theory and homotopy theory},
	volume = {12},
	note = {{D}OI: \url{10.1007/s40062-015-0121-z}},
	pages = {31--81},
	number = {1},
	XXXjournal = {J. Homotopy Relat. Struct.},
	journal = "Journal of Homotopy and Related Structures",
	author = {John Bourke},
	year = {2017}
}

@article{bourke:skew:2018,
	title = {Skew Monoidal Categories and Skew Multicategories},
	volume = {506},
	note = {{D}OI: \url{10.1016/j.jalgebra.2018.02.039}},
	pages = {237--266},
	XXXjournal = {J. Alg.},
	journal = "Journal of Algebra",
	author = {John Bourke and Stephen Lack},
	year = {2018}
}

@article{bourke:lack:braided:2020,
	title = {Braided Skew Monoidal Categories},
	volume = {35},
	url = {http://www.tac.mta.ca/tac/volumes/35/2/35-02abs.html},
	pages = {19--63},
	number = {2},
	XXXjournal = {Theor. Appl. Categ.},
	journal = "Theory and Applications of Categories",
	author = {John Bourke and Stephen Lack},
	year = {2020}
}

@article{buckley:catalan:2015,
	title = {The {C}atalan Simplicial Set},
	volume = {158},
	note = {{D}OI: \url{10.1017/s0305004114000498}},
	pages = {211--222},
	number = {2},
	XXXjournal = {Math. Proc. Cambridge Philos. Soc.},
	journal = "Mathematical Proceedings of Cambridge Philosophical Society",
	author = {Michael Buckley and Richard Garner and Stephen Lack and Ross Street},
	year = {2015}
}

@inproceedings{chaudhuri:canonical:2008,
  author    = {Kaustuv Chaudhuri and
               Dale Miller and
               Alexis Saurin},
  editor    = {Giorgio Ausiello and
               Juhani Karhum{\"{a}}ki and
               Giancarlo Mauri and
               Luke Ong},
  title     = {Canonical Sequent Proofs via Multi-Focusing},
  booktitle = {{TCS} 2008},
  XXXseries    = {Int.\ Feder.\ of Inform.\ Process.},
  series = "IFIP",
  volume    = {273},
  pages     = {383--396},
  publisher = {Springer},
  year      = {2008},
  doi       = {10.1007/978-0-387-09680-3\_26}
}

@inproceedings{eilenberg:closed:1966,
	title = {Closed Categories},
	note = {{D}OI: \url{10.1007/978-3-642-99902-4\_22}},
	pages = {421--562},
	booktitle = {Proceedings of Conference on Categorical Algebra (La Jolla, 1965)},
	publisher = {Springer},
	author = {Samuel Eilenberg and G. Max Kelly},
	editor = {Eilenberg, S. and Harrison, D. K. and {Mac Lane}, S. and R\"ohrl, H.},
	year = {1966}
}

@article{girard:constructive:91,
  author    = {Jean-Yves Girard},
  title     = {A New Constructive Logic: Classical Logic},
  journal   = {Math. Struct. Comput. Sci.},
  volume    = {1},
  number    = {3},
  pages     = {255--296},
  year      = {1991},
  note       = {{D}OI: \url{10.1017/s0960129500001328}}
}

@inproceedings{hasegawa:linear:2017,
  author    = {Masahito Hasegawa},
  editor    = {Iliano Cervesato and
               Maribel Fern{\'{a}}ndez},
  title     = {Linear Exponential Comonads without Symmetry},
  booktitle = {Proceedings of 4th International Workshop on Linearity, {LINEARITY} 2016},
  XXXseries    = {Electron. Proc. in Theor. Comput. Sci.},
  series = "Electronic Proceedings in Theoretical Computer Science",
  volume    = {238},
  pages     = {54--63},
  year      = {2016},
  note       = {{D}OI: \url{10.4204/etpcs.238.6}},
  publisher = "Open Publishing Assoc."
}

@inproceedings{jiang:lambek:2019,
  author    = {Jiaming Jiang and
               Harley {Eades III} and
               Valeria {de Paiva}},
  editor    = {Thomas Ehrhard and
               Maribel Fern{\'{a}}ndez and
               Valeria {de Paiva} and
               Lorenzo {Tortora de Falco}},
  title     = {On the {L}ambek Calculus with an Exchange Modality},
  booktitle = {Proceedings of Joint International Workshop on Linearity {\&} Trends
               in Linear Logic and Applications, Linearity-TLLA 2018},
  XXXseries    = {Electron. Proc. Theor. Comput. Sci.},
  series = "Electronic Proceedings in Theoretical Computer Science",
  volume    = {292},
  pages     = {43--89},
  year      = {2018},
  note       = {{D}OI: \url{10.4204/eptcs.292.4}},
  publisher = "Open Publishing Assoc."
}

@article{lack:skew:2012,
	title = {Skew Monoidales, Skew Warpings and Quantum Categories},
	volume = {26},
	pages = {385--402},
	url = {http://www.tac.mta.ca/tac/volumes/26/15/26-15abs.html},
	XXXjournal = {Theor. Appl. Categ.},
	journal = "Theory and Applications of Categories",
	author = {Stephen Lack and Ross Street},
	year = {2012}
}

@article{lack:triangulations:2014,
	title = {Triangulations, Orientals, and Skew Monoidal Categories},
	volume = {258},
	note = {{D}OI: \url{10.1016/j.aim.2014.03.003}},
	pages = {351--396},
	XXXjournal = {Adv.\ Math.},
	journal = "Advances in Mathematics",
	author = {Stephen Lack and Ross Street},
	year = {2014}
}

@article{lambek:mathematics:58,
  title={The Mathematics of Sentence Structure},
  author={Joachim Lambek},
  XXXjournal={Amer. Math. Monthly},
  journal = "American Mathematical Monthly", 
  volume={65},
  number={3},
  pages={154--170},
  year={1958},
  note={{D}OI: \url{10.2307/2310058}}
}

@article{lambek:deductive:68,
  author    = {Joachim Lambek},
  title     = {Deductive Systems and Categories {I}: Syntactic Calculus and Residuated
               Categories},
  XXXjournal   = {Math. Syst. Theory},
  journal = "Mathematical Systems Theory",
  volume    = {2},
  number    = {4},
  pages     = {287--318},
  year      = {1968},
  note       = {{D}OI: \url{10.1007/bf01703261}}
}

@article{maclane1963natural,
  title={Natural Associativity and Commutativity},
  author={Saunders {Mac Lane}},
  XXXjournal={Rice Univ. Stud.},
  journal = "Rice University Studies",
  volume={49},
  number={4},
  year={1963},
  pages={28--46},
  url={http://hdl.handle.net/1911/62865}
}

@incollection{mellies:categorical:09,
  title={Categorical Semantics of Linear Logic},
  author={Paul-Andr{\'e} Melli{\`e}s},
  booktitle = {Interactive Models of Computation and Program Behavior},
  editor = "Pierre-Louis Curien and Hugo Herbelin and Jean-Louis Krivine and Paul-Andr{\'e} Melli{\`e}s",
  series={Panoramas et syntheses},
  volume={27},
  pages={15--215},
  year={2009},
  XXXpublisher = "Soc.\ Math.\ de France",
  publisher = "Soci{\'e}t{\'e} Math{\'e}matique de France"
}

@inproceedings{scherer:simple:2015,
  author    = {Gabriel Scherer and
               Didier R{\'{e}}my},
  title     = {Which Simple Types Have a Unique Inhabitant?},
  booktitle = {Proceedings of 20th {ACM} {SIGPLAN} International Conference on
               Functional Programming, {ICFP} 2015},
  pages     = {243--255},
  publisher = {{ACM}},
  year      = {2015},
  doi       = {10.1145/2784731.2784757}
}

@article{street:skew-closed:2013,
	title = {Skew-Closed Categories},
	volume = {217},
	doi = {10.1016/j.jpaa.2012.09.020},
	pages = {973--988},
	number = {6},
	journal = {J. Pure Appl. Alg.},
	author = {Ross Street},
	year = {2013},
}

@article{szlachanyi:skew-monoidal:2012,
	title = {Skew-Monoidal Categories and Bialgebroids},
	volume = {231},
        XXXjournal = {Adv.\ Math.},
	journal = "Advances in Mathematics",
	note = {{D}OI: \url{10.1016/j.aim.2012.06.027}},
	pages = {1694--1730},
	number = {3--4},
	author = {Korn{\'e}l Szlach\'anyi},
	year = {2012}
}

@inproceedings{tomita:realizability:21,
  author    = {Haruka Tomita},
  editor    = {Christel Baier and
               Jean Goubault{-}Larrecq},
  title     = {Realizability without Symmetry},
  booktitle = {Proceedings of 29th {EACSL} Annual Conference on Computer Science Logic, {CSL} 2021},
  XXXseries    = {Leibniz Int.\ Proc.\ in Inform.},
  series = "Leibniz International\ Proceedings\ in Informatics",
  volume    = {183},
  pages     = {38:1--38:16},
  publisher = {Dagstuhl Publishing},
  year      = {2021},
  note       = {{D}OI: \url{10.4230/lipics.csl.2021.38}}
}


@inproceedings{uustalu:deductive:nodate,
  author    = {Tarmo Uustalu and
               Niccol{\'o} Veltri and
               Noam Zeilberger},
  editor    = {Claudio {Sacerdoti Coen} and
               Alwen Tiu},
  title     = {Deductive Systems and Coherence for Skew Prounital Closed Categories},
  booktitle = {Proceedings of 15th Workshop on Logical Frameworks and Meta-Languages:
               Theory and Practice, {LFMTP} 2020},
  XXXseries    = {Electron. Proc. in Theor. Comput. Sci.},
  series = "Electronic Proceedings in Theoretical Computer Science",
  volume    = {332},
  pages     = {35--53},
  year      = {2021},
  note       = {{D}OI: \url{10.4204/eptcs.332.3}},
  publisher = "Open Publishing Association"
}

@article{uustalu:eilenberg-kelly:2020,
	title = {{E}ilenberg-{K}elly Reloaded},
	volume = {352},
	note = {{D}OI: \url{10.1016/j.entcs.2020.09.012}},
	pages = {233--256},
	XXXjournal = {Electron. Notes Theor. Comput. Sci.},
	journal = "Electronic Notes in Theoretical Computer Science",
	author = {Tarmo Uustalu and Niccol{\`o} Veltri and Noam Zeilberger},
	year = {2020}
}

@inproceedings{uustalu:proof:nodate,
  author    = {Tarmo Uustalu and
               Niccol{\`o} Veltri and
               Noam Zeilberger},
  editor    = {David I. Spivak and
               Jamie Vicary},
  title     = {Proof Theory of Partially Normal Skew Monoidal Categories},
  booktitle = {Proceedings of 3rd Annual International Applied Category Theory
               Conference 2020, {ACT} 2020},
  XXXseries    = {Electron. Proc. in Theor. Comput. Sci.},
  series = "Electronic Proceedings in Theoretical Computer Science",
  volume    = {333},
  pages     = {230--246},
  year      = {2021},
  doi       = {10.4204/eptcs.333.16},
  publisher = "Open Publishing Association"
  }

@incollection{uustalu:sequent:2021,
  title={The Sequent Calculus of Skew Monoidal Categories},
  author={Tarmo Uustalu and Niccol{\`o} Veltri and Noam Zeilberger},
  editor={Claudio Casadio and Philip J. Scott},
  booktitle={Joachim {L}ambek: {T}he {I}nterplay of {M}athematics, {L}ogic, and {L}inguistics},
  series = {Outstanding Contributions to Logic},
  volume={20},
  pages={377--406},
  year={2021},
  doi = {10.1007/978-3-030-66545-6_11},
  publisher={Springer}
}


@inproceedings{veltri:coherence:2021,
	title = {Coherence via Focusing for Symmetric Skew Monoidal Categories},
	doi = {10.1007/978-3-030-88853-4_12},
	XXXseries = {Lect. Notes in Comput. Sci.},
	series = "LNCS",
	pages = {184--200},
	booktitle = {{WoLLIC}'21},
	publisher = {Springer},
	author = {Niccol{\`o} Veltri},
	editor = {Alexandra Silva and Renata Wassermann and Ruy {de Queiroz}},
	volume = {13028},
	year = {2021}
}


@article{zeilberger:semiassociative:19,
  author    = {Noam Zeilberger},
  title     = {A Sequent Calculus for a Semi-Associative Law},
  journal   = {Log. Methods Comput. Sci.},
  volume    = {15},
  number    = {1},
  eid = 9,
  year      = {2019},
  doi       = {10.23638/lmcs-15(1:9)2019}
}

@incollection{dyckhoff:ljq,
  author = "Roy Dyckhoff and St{\'e}phane Lengrand",
  title = "LJQ: A Strongly Focused Calculus for Intuitionistic Logic",
  editor = "Arnold Beckmann and Ulrich Berger and Benedikt L{\"o}we and John V. Tucker",
  booktitle = "Proceedings\ of 2nd Conference\ on Computability in Europe, CiE 2006",
  XXXseries = "Lect.\ Notes in Comput.\ Sci.",
  series = "Lecture Notes in Computer Science",
  volume = 3988,
  pages = "173--185",
  publisher = "Springer",
  year = 2006,
  note = {{D}OI: \url{10.1007/11780342_19}}
}


@inproceedings{UVW:protsn,
	title = {Proof Theory of Skew Non-Commutative {MILL}},
	doi = {10.4204/eptcs.358.9},
	pages = {118--135},
  booktitle = {Proceedings of 10th International Conference on Non-classical Logics: Theory and Applications, {NCL} 2022},
  XXXseries    = {Electron. Proc. in Theor. Comput. Sci.},
  series = "Electron. Proc. in Theor. Comput. Sci.",
	publisher = {Open Publishing Association},
	author = {Tarmo Uustalu and Niccol{\`o} Veltri and Cheng-Syuan Wan},
	editor = {Andrzej Indrzejczak and Michal Zawidzki},
	volume = {358},
	year = {2022}
}

@article{LiangM09,
  author    = {Chuck C. Liang and
               Dale Miller},
  title     = {Focusing and polarization in linear, intuitionistic, and classical
               logics},
  journal   = {Theor. Comput. Sci.},
  volume    = {410},
  number    = {46},
  pages     = {4747--4768},
  year      = {2009},
  doi       = {10.1016/j.tcs.2009.07.041}
}

@article{Girard87,
  author    = {Jean{-}Yves Girard},
  title     = {Linear Logic},
  journal   = {Theor. Comput. Sci.},
  volume    = {50},
  pages     = {1--102},
  year      = {1987},
  doi       = {10.1016/0304-3975(87)90045-4}
}

@inproceedings{PimentelNN16,
  author    = {Elaine Pimentel and
               Vivek Nigam and
               Jo{\~{a}}o Neto},
  editor    = {Mario R. F. Benevides and
               Ren{\'{e}} Thiemann},
  title     = {Multi-focused Proofs with Different Polarity Assignments},
  booktitle = {Proceedings of 10th Workshop on Logical and Semantic Frameworks,
               with Applications, {LSFA} 2015},
  series    = {Electron. Notes Theor. Comput. Sci.},
  volume    = {323},
  pages     = {163--179},
  publisher = {Elsevier},
  year      = {2015},
  doi       = {10.1016/j.entcs.2016.06.011}
}

@inproceedings{Scherer15,
  author    = {Gabriel Scherer},
  editor    = {Thorsten Altenkirch},
  title     = {Multi-Focusing on Extensional Rewriting with Sums},
  booktitle = {Proceedings of 13th International Conference on Typed Lambda Calculi and Applications,
               {TLCA} 2015},
  series    = {LIPIcs},
  volume    = {38},
  pages     = {317--331},
  publisher = {Schloss Dagstuhl - Leibniz-Zentrum f{\"{u}}r Informatik},
  year      = {2015},
  doi       = {10.4230/LIPIcs.TLCA.2015.317}
}

@inproceedings{LR:pronlc,
  title={Proof Nets for the {L}ambek Calculus -- an Overview},
  author={Lamarche, Francois and Retor{\'e}, Christian},
  booktitle={Proceedings of 3rd Roma Workshop on Proofs and Linguistic Categories 1996},
  pages={241--262},
  year={1996},
  url ={https://hal.archives-ouvertes.fr/inria-00098442}
}

@inproceedings{ADHS:noretl,
  author    = {Thorsten Altenkirch and
               Peter Dybjer and
               Martin Hofmann and
               Philip J. Scott},
  title     = {Normalization by Evaluation for Typed Lambda Calculus with Coproducts},
  booktitle = {Proceedings of 16th Annual {IEEE} Symposium on Logic in Computer Science, LICS 2001},
  pages     = {303--310},
  publisher = {{IEEE} Computer Society},
  year      = {2001},
  doi       = {10.1109/LICS.2001.932506}
}

@article{Okada99,
  author    = {Mitsuhiro Okada},
  title     = {Phase Semantic Cut-Elimination and Normalization Proofs of First-
               and Higher-Order Linear Logic},
  journal   = {Theor. Comput. Sci.},
  volume    = {227},
  number    = {1-2},
  pages     = {333--396},
  year      = {1999},
  doi       = {10.1016/S0304-3975(99)00058-4}
}

@inproceedings{NbELambek,
  author    = {Niccol{\`{o}} Veltri},
  editor    = {Andrzej Indrzejczak and
               Michal Zawidzki},
  title     = {Normalization by Evaluation for the Lambek Calculus},
  booktitle = {Proceedings of 10th International Conference on Non-Classical
               Logics: Theory and Applications, {NCL} 2022},
  series    = {Electron. Proc. in Theor. Comput. Sci.},
  volume    = {358},
  pages     = {102--117},
  year      = {2022},
  doi       = {10.4204/EPTCS.358.8}
}

@article{Brock-Nannestad18,
  author       = {Taus Brock{-}Nannestad and
                  Nicolas Guenot},
  title        = {Multi-focused cut elimination},
  journal      = {Math. Struct. Comput. Sci.},
  volume       = {28},
  number       = {5},
  pages        = {614--650},
  year         = {2018},
  doi          = {10.1017/S0960129516000451}
}

@article{ChaudhuriHM16,
  author       = {Kaustuv Chaudhuri and
                  Stefan Hetzl and
                  Dale Miller},
  title        = {A multi-focused proof system isomorphic to expansion proofs},
  journal      = {J. Log.  Comput.},
  volume       = {26},
  number       = {2},
  pages        = {577--603},
  year         = {2016},
  doi          = {10.1093/logcom/exu030}
}

@misc{moortgat:tamari:20,
  author = {Michael Moortgat},
  title = {The {T}amari order for $D^3$ and derivability in semi-associative {L}ambek-{G}rishin {C}alculus},
  howpublished = {Talk at 16th Workshop on Computational Logic and Applications, {CLA} 2020},
  year = {2020},
  note = {Slides available at: \url{http://cla.tcs.uj.edu.pl/history/2020/pdfs/CLA_slides_Moortgat.pdf}}
}
